% Encoding: UTF-8

@Article{Liu2005,
  author    = {T.G. Liu and B.C. Khoo and C.W. Wang},
  title     = {The ghost fluid method for compressible gas{\textendash}water simulation},
  journal   = {Journal of Computational Physics},
  year      = {2005},
  volume    = {204},
  number    = {1},
  pages     = {193--221},
  month     = {mar},
  publisher = {Elsevier {BV}},
}

@Comment{jabref-meta: databaseType:bibtex;}